@inproceedings{agarwal2007generalized,
	title={Generalized Non-metric Multidimensional Scaling},
	author={Agarwal Sameer and Wills Josh and Cayton Lawrence and Lanckriet Gert RG and Kriegman David J and Belongie Serge},
	booktitle={Proceedings of the 11th International Conference on Artificial Intelligence and Statistics (AISTATS)},
	pages={11-18},
	year={2007}
}

@inproceedings{vandermaaten2012stochastic, 
	author={Laurens van der Maaten and Kilian Weinberger}, 
	booktitle={IEEE International Workshop on Machine Learning for Signal Processing (MLSP)}, 
	title={Stochastic Triplet Embedding}, 
	pages={1-6},
	year={2012}
}

@inproceedings{amid2015multiview,
	title={Multiview Triplet Embedding: Learning Attributes in Multiple Maps},
	author={Ehsan Amidand and Antti Ukkonen},
	booktitle={Proceedings of the 32nd International Conference on Machine Learning (ICML)},
	pages={1472-1480},
	year={2015}
}

@inproceedings{reddic2016nonconvex,
	title={Stochastic Variance Reduction for Nonconvex Optimization},
	author={Sashank Reddic and Ahmed Hefny and Suvrit Sra and Barnabas Poczos and Alex Smola },
	booktitle={Proceedings of the 33rd International Conference on Machine Learning (ICML)},
	pages={314-323},
	year={2016}
}

@inproceedings{rie2013accelerating,
	title = {Accelerating Stochastic Gradient Descent using Predictive Variance Reduction},
	author = {Rie Johnson and Tong Zhang},
	booktitle = {Advances in Neural Information Processing Systems (NIPS)},
	pages = {315-323},
	year = {2013}
}

@article{ghadimi2013stochastic,
	author = {Saeed Ghadimi and Guanghui Lan},
	title = {Stochastic First- and Zeroth-Order Methods for Nonconvex Stochastic Programming},
	journal = {SIAM Journal on Optimization},
	volume = {23},
	number = {4},
	pages = {2341-2368},
	year = {2013}
}

@inproceedings{ellis2002quest,
	title={The Quest for Ground Truth in Musical Artist Similarity},
	author={Ellis, Daniel PW and Whitman, Brian and Berenzweig, Adam and Lawrence, Steve},
	booktitle={Proceedings of the 3rd International Society for Music Information Retrieval Conference (ISMIR)},
	year={2002},
}

@inproceedings{kevin2011active,
	title = {Active Ranking using Pairwise Comparisons},
	author = {Kevin Jamieson and Robert Nowak},
	booktitle = {Advances in Neural Information Processing Systems (NIPS)},
	pages = {2240-2248},
	year = {2011}
}

@inproceedings{wah2014similarity, 
	author={Catherine Wah and Grant Van Horn and Steve Branson and Subhransu Maji and Pietro Perona and Serge Belongie}, 
	booktitle={Proceedings of the IEEE Conference on Computer Vision and Pattern Recognition (CVPR)}, 
	title={Similarity Comparisons for Interactive Fine-Grained Categorization}, 
	year={2014}, 
	pages={859-866}
}

@inproceedings{jamieson2011low, 
	author={Kevin Jamieson and Robert Nowak}, 
	booktitle={Proceedings of the 49th Annual Allerton Conference on Communication, Control, and Computing (Allerton)}, 
	title={Low-dimensional Embedding using Adaptively Selected Ordinal Data}, 
	year={2011}, 
	pages={1077-1084}
}

@inproceedings{tamuz2011adaptiive, 
	title = {Adaptively Learning the Crowd Kernel }, 
	booktitle = {Proceedings of the 28th International Conference on Machine Learning (ICML)}, 
	author = {Omer Tamuz and Ce Liu and Ohad Shamir and Adam Kalai and Serge Belongie}, 
	year = {2011}, 
	pages = {673-680} 
}

@inproceedings{wilberKKB2015concept,
	author    = {Michael Wilber and
	             Iljung Kwak and
	             David Kriegman and
	             Serge Belongie},
	title     = {Learning Concept Embeddings with Combined Human-Machine Expertise},
	booktitle = {2015 {IEEE} International Conference on Computer Vision (ICCV)},
	pages     = {981--989},
	year      = {2015}
}

@inproceedings{Terada2014LocalOE,
	title = {Local Ordinal Embedding},
	author = {Yoshikazu Terada and Ulrike von Luxburg},
	booktitle = {Proceedings of the 31st International Conference on Machine Learning (ICML)},
	pages = {847-855},
	year={2014}
}

@book{Borg05,
	author = {Ingwer Borg and Patrick J. F. Groenen},
	title = {Modern Multidimensional Scaling: Theory and Applications},
	year = {2005}
}

@article{Shepard1962a,
	author = {Roger N. Shepard},
	title = {The Analysis of Proximities: Multidimensional Scaling with an Unknown Distance Function. I},
	journal = {Psychometrika},
	year = {1962},
	volume = {27},
	number = {2},
	pages = {125--140},
}

@article{Shepard1962b,
	author = {Roger N. Shepard},
	title = {The Analysis of Proximities: Multidimensional Scaling with an Unknown Distance Function. II},
	journal = {Psychometrika},
	year = {1962},
	volume = {27},
	number = {3},
	pages = {219--246},
}

@article{Kruskal1964a,
	author = {J. B. Kruskal},
	title = {Multidimensional Scaling by Optimizing Goodness of Fit to A Nonmetric Hypothesis},
	journal = {Psychometrika},
	year = {1964},
	volume = {29},
	number = {1},
	pages = {1--27},
}

@article{Kruskal1964b,
	author = {J. B. Kruskal},
	title = {Nonmetric Multidimensional Scaling: A Numerical Method},
	journal = {Psychometrika},
	year = {1964},
	volume = {29},
	number = {2},
	pages = {115-129}
}

@article{Quist2004DistributionalSA,
	title={Distributional Scaling: An Algorithm for Structure-Preserving Embedding of Metric and Nonmetric Spaces},
	author={Michael Quist and Golan Yona},
	journal={Journal of Machine Learning Research (JMLR)},
	year={2004},
	volume={5},
	pages={399-420}
}

@inproceedings{RosalesSparselinear,
	author = {R\'{o}mer, Rosales and Glenn Fung},
	title = {Learning Sparse Metrics via Linear Programming},
	booktitle = {Proceedings of the 12th ACM SIGKDD Conference on Knowledge Discovery and Data Mining},
	year = {2006},
	pages = {367-373}
}

@inproceedings{ShawstructPE,
	author = {Shaw, Blake and Jebara, Tony},
	title = {Structure Preserving Embedding},
	booktitle = {Proceedings of the 26th Annual International Conference on Machine Learning (ICML)},
	year = {2009},
	pages = {937-944}
}

@inproceedings{McFee:2009:POE:1553374.1553467,
	author = {McFee, Brian and Lanckriet, Gert},
	title = {Partial Order Embedding with Multiple Kernels},
	booktitle = {Proceedings of the 26th Annual International Conference on Machine Learning (ICML)},
	year = {2009},
	pages = {721-728},
}


@article{McFee:2011:LMS:1953048.1953063,
	author = {McFee, Brian and Lanckriet, Gert},
	title = {Learning Multi-modal Similarity},
	journal = {Journal of Machine Learning Research (JMLR)},
	volume = {12},
	year = {2011},
	pages = {491-523},
} 

@article{Ailon:2012:ALA:2188385.2188390,
	author = {Ailon, Nir},
	title = {An Active Learning Algorithm for Ranking from Pairwise Preferences with an Almost Optimal Query Complexity},
	journal = {Journal of Machine Learning Research (JMLR)},
	volume = {13},
	year = {2012},
	pages = {137-164}
}

@inproceedings{ouyang2008learning,
	title={Learning dissimilarities by ranking: from SDP to QP},
	author={Ouyang, Hua and Gray, Alex},
	booktitle={Proceedings of the 25th international conference on Machine learning (ICML)},
	pages={728-735},
	year={2008}
}

@inproceedings{Mcfee10metriclearning,
	author = {Brian Mcfee and Gert Lanckriet},
	title = {Metric Learning to Rank},
	booktitle = {Proceedings of the 27th International Conference on Machine Learning (ICML)},
	pages = {775–782},
	year = {2010}
}

@inproceedings{NIPS2012_0599, 
	author = {Yanyan Lan and Jiafeng Guo and Xueqi Cheng and Tie-yan Liu}, 
	booktitle = {Advances in Neural Information Processing Systems (NIPS)}, 
	title = {Statistical Consistency of Ranking Methods in A Rank-Differentiable Probability Space}, 
	Year = {2012}, 
	Pages = {1241-1249} 
}

@inproceedings{wauthier2013efficient,
	title = {Efficient Ranking from Pairwise Comparisons.},
	author = {Wauthier, Fabian L and Jordan, Michael I and Jojic, Nebojsa},
	booktitle = {Proceedings of the 30th annual International Conference on Machine Learning (ICML)},
	pages = {109-117},
	year = {2013}
}

@article{2016arXiv160607081J,
	author = {Jain, L. and Jamieson, K. and Nowak, R.},
	title = {Finite Sample Prediction and Recovery Bounds for Ordinal Embedding},
	journal = {ArXiv e-prints},
	year = {2016}
}

@inproceedings{Park2015PreferenceCL,
	title = {Preference Completion: Large-scale Collaborative Ranking from Pairwise Comparisons},
	author = {Dohyung Park and Joe Neeman and Jin Zhang and Sujay Sanghavi and Inderjit S. Dhillon},
	booktitle = {Proceedings of the 32nd annual International Conference on Machine Learning (ICML)},
	pages = {1907-1916},
	year = {2015}
}

@article{6875950, 
	author={Ç Demiralp and M. S. Bernstein and J. Heer}, 
	journal={IEEE Transactions on Visualization and Computer Graphics}, 
	title={Learning Perceptual Kernels for Visualization Design}, 
	year={2014},
	volume={20}, 
	number={12}, 
	pages={1933-1942}
}

@inproceedings{doi:10.1137/1.9781611974010.31,
    author = {Eric Heim and Matthew Berger and Lee M. Seversky and Milos Hauskrecht},
    title = {Efficient Online Relative Comparison Kernel Learning},
    booktitle = {Proceedings of the SIAM International Conference on Data Mining (SDM)},
    chapter = {31},
    pages = {271-279},
    year={2015}
}

@inproceedings{NIPS2015_5751,
	title = {Asynchronous Parallel Stochastic Gradient for Nonconvex Optimization},
	author = {Lian, Xiangru and Huang, Yijun and Li, Yuncheng and Liu, Ji},
	booktitle = {Advances in Neural Information Processing Systems (NIPS)},
	pages = {2737-2745},
	year = {2015}
}

@inproceedings{icml2015_shamir15, 
	title={A Stochastic PCA and SVD Algorithm with an Exponential Convergence Rate}, 
	author={Shamir, Ohad}, 
	year={2015}, 
	booktitle={Proceedings of the 32nd International Conference on Machine Learning (ICML)}, 
	pages={144-152}
}

@inproceedings{icml2015_agarwal15, 
	title={A Lower Bound for the Optimization of Finite Sums}, 
	author={Agarwal, Alekh and Bottou, Leon}, 
	year={2015}, 
	booktitle={Proceedings of the 32nd International Conference on Machine Learning (ICML)}, 
	pages={78-86}
}

@article{2015arXiv150102861A,
   author = {{Arias-Castro}, E.},
    title = "{Some theory for ordinal embedding}",
  journal = {ArXiv e-prints},
   eprint = {1501.02861},
     year = 2015
}

@inproceedings{53e99af7b7602d97023851bf,
    author={Matthäus Kleindessner, Ulrike von Luxburg},
    booktitle={Proceedings of The 27th Conference on Learning Theory (COLT)},
    year = {2014},
    pages={40-67},
    title={Uniqueness of Ordinal Embedding}
}

@article{2014arXiv1408.3467X,
   author = {{Xu}, Q. and {Xiong}, J. and {Huang}, Q. and {Yao}, Y.},
    title = "{Robust Statistical Ranking: Theory and Algorithms}",
  journal = {ArXiv e-prints},
   eprint = {1408.3467},
     year = 2014
}

@article{6472238, 
	author={Y. Bengio and A. Courville and P. Vincent}, 
	journal={IEEE Transactions on Pattern Analysis and Machine Intelligence (TPAMI)}, 
	title={Representation Learning: A Review and New Perspectives}, 
	year={2013}, 
	volume={35}, 
	number={8}, 
	pages={1798-1828}
}

@inproceedings{Indyk:2001:AAL:874063.875596,
	author = {Indyk, P.},
	title = {Algorithmic Applications of Low-Distortion Geometric Embeddings},
	booktitle = {Proceedings of the 42nd IEEE Symposium on Foundations of Computer Science},
	year = {2001},
	pages = {10-34}
}


@INPROCEEDINGS{Indyk04low-distortionembeddings,
	author = {Piotr Indyk and Jiri Matousek},
	title = {Low-Distortion Embeddings of Finite Metric Spaces},
	booktitle = {in Handbook of Discrete and Computational Geometry},
	year = {2004},
	pages = {177-196}
}

@inproceedings{503,
	title = {Cost-Effective HITs for Relative Similarity Comparisons},
	booktitle = {Proceedings of the AAAI Conference on Human Computation and Crowdsourcing (HCOMP)},
	year = {2014},
	author = {Michael Wilber and Sam Kwak and Serge Belongie},
	pages = {227-233}
}

@inproceedings{Heikinheimo2013TheCA,
  title = {The Crowd-Median Algorithm},
  author = {Hannes Heikinheimo and Antti Ukkonen},
  booktitle = {Proceedings of the AAAI Conference on Human Computation and Crowdsourcing (HCOMP)},
  year = {2013},
  pages = {69-77}
}